% Bibliografia sulla Stereofonia - Articoli Tecnici e Scientifici
% Dalle origini teoriche agli sviluppi contemporanei

% === PREISTORIA DELLA STEREOFONIA (1876-1930) ===

@article{ader1881,
  author = {Clément Ader},
  title = {Téléphone théâtral},
  journal = {Comptes Rendus de l'Académie des Sciences},
  volume = {92},
  pages = {1408--1409},
  year = {1881},
  note = {Prima descrizione del sistema biauricolare per la trasmissione teatrale}
}

@misc{ader1881patent,
  author = {Clément Ader},
  title = {Système de transmission téléphonique applicable aux théâtres},
  howpublished = {Brevet français n° 142352},
  year = {1881},
  month = {Août},
  note = {Brevetto del Théâtrophone}
}

@article{du_moncel1882,
  author = {Théodose du Moncel},
  title = {Le Téléphone théâtral},
  journal = {La Nature},
  volume = {10},
  number = {1},
  pages = {318--319},
  year = {1882},
  note = {Prima recensione tecnica del Théâtrophone di Ader}
}

@article{hospitalier1889,
  author = {Édouard Hospitalier},
  title = {Le Théâtrophone},
  journal = {La Nature},
  volume = {17},
  number = {2},
  pages = {197--200},
  year = {1889},
  note = {Descrizione del sistema commerciale del Théâtrophone}
}

@article{puskas1893,
  author = {Tivadar Puskás},
  title = {Telephon Hírmondó: The Telephone Newspaper},
  journal = {Scientific American},
  volume = {68},
  number = {16},
  pages = {245--246},
  year = {1893},
  note = {Sistema ungherese di diffusione sonora stereofonica}
}

@article{bell1877,
  author = {Alexander Graham Bell},
  title = {Upon the Production of Sound by Radiant Energy},
  journal = {Journal of the Society of Telegraph Engineers},
  volume = {6},
  pages = {404--426},
  year = {1877},
  note = {Primi esperimenti di trasmissione sonora a distanza}
}

@article{preece1879,
  author = {William Henry Preece},
  title = {On the Telephone},
  journal = {Journal of the Society of Telegraph Engineers},
  volume = {8},
  pages = {1--15},
  year = {1879},
  note = {Osservazioni sulla percezione spaziale tramite telefono}
}

@article{mercadier1881,
  author = {Ernest Mercadier},
  title = {Recherches sur la téléphonie},
  journal = {Journal de Physique Théorique et Appliquée},
  volume = {10},
  number = {1},
  pages = {467--479},
  year = {1881},
  note = {Studi sulla trasmissione binaurale}
}

@misc{edison1877,
  author = {Thomas A. Edison},
  title = {Improvement in Phonograph or Speaking Machines},
  howpublished = {US Patent 200,521},
  year = {1877},
  month = {December},
  note = {Fonografo e prime considerazioni sulla registrazione spaziale}
}

@article{berliner1888,
  author = {Emile Berliner},
  title = {The Gramophone: Etching the Human Voice},
  journal = {Journal of the Franklin Institute},
  volume = {125},
  number = {6},
  pages = {425--447},
  year = {1888},
  note = {Grammofono e riflessioni sulla fedeltà spaziale}
}

@article{bartok1889,
  author = {Bartók Béla},
  title = {A telefonhangverseny művészeti értékéről},
  journal = {Zenei Szemle},
  volume = {3},
  pages = {45--48},
  year = {1889},
  note = {Considerazioni artistiche sulla trasmissione telefonica della musica}
}

@article{hunnings1899,
  author = {Henry Hunnings},
  title = {Experiments in Stereophonic Transmission},
  journal = {Electrical Review},
  volume = {44},
  pages = {573--575},
  year = {1899},
  note = {Primi esperimenti di trasmissione stereofonica sistematica}
}

@article{dolbear1879,
  author = {Amos Emerson Dolbear},
  title = {The Telephone: An Account of Physical Phenomena},
  journal = {Popular Science Monthly},
  volume = {15},
  pages = {483--494},
  year = {1879},
  note = {Osservazioni sulla percezione direzionale del suono tramite telefono}
}

@article{tainter1886,
  author = {Charles Sumner Tainter},
  title = {The Graphophone},
  journal = {Journal of the Franklin Institute},
  volume = {121},
  number = {5},
  pages = {357--362},
  year = {1886},
  note = {Grafofono e prime considerazioni sulla registrazione binaurale}
}

@article{koenig1899,
  author = {Rudolph Koenig},
  title = {Quelques expériences d'acoustique},
  journal = {Comptes Rendus de l'Académie des Sciences},
  volume = {128},
  pages = {1564--1566},
  year = {1899},
  note = {Esperimenti di acustica e percezione spaziale}
}

% === PRIMI SVILUPPI TECNICI (1900-1930) ===

@article{electrician1925,
  author = {{The Electrician}},
  title = {Stereophonic Reproduction of Sound},
  journal = {The Electrician},
  volume = {95},
  pages = {434--435},
  year = {1925},
  note = {Prima apparizione documentata del termine "stereophonic"}
}

@article{fletcher1928,
  author = {Harvey Fletcher},
  title = {The Nature of Speech and its Interpretation},
  journal = {Journal of the Franklin Institute},
  volume = {206},
  number = {6},
  pages = {729--747},
  year = {1928},
  note = {Studi Bell Labs sulla percezione spaziale della voce}
}

@article{steinberg1929,
  author = {John C. Steinberg},
  title = {Auditory Perspective in Broadcasting},
  journal = {Proceedings of the Institute of Radio Engineers},
  volume = {17},
  number = {1},
  pages = {91--115},
  year = {1929},
  note = {Primi studi sistematici sulla prospettiva uditiva}
}

@article{wente1930,
  author = {Edward Christopher Wente},
  title = {A Condenser Microphone for Radio Broadcasting},
  journal = {Bell System Technical Journal},
  volume = {9},
  number = {1},
  pages = {139--145},
  year = {1930},
  note = {Sviluppo microfoni per la radiodiffusione spaziale}
}

% === ORIGINI E FONDAMENTI TEORICI ===

@article{blumlein1931,
  author = {Alan Dower Blumlein},
  title = {Improvements in and relating to Sound-transmission, Sound-recording and Sound-reproducing Systems},
  journal = {British Patent},
  number = {394325},
  year = {1931},
  month = {June},
  note = {Brevetto fondamentale per la stereofonia}
}

@article{fletcher1934,
  author = {Harvey Fletcher},
  title = {Auditory Perspective -- Basic Requirements},
  journal = {Electrical Engineering},
  volume = {53},
  number = {1},
  pages = {9--11},
  year = {1934},
  publisher = {IEEE}
}

@article{steinberg1934,
  author = {J. C. Steinberg and W. B. Snow},
  title = {Auditory Perspective -- Physical Factors},
  journal = {Electrical Engineering},
  volume = {53},
  number = {1},
  pages = {12--17},
  year = {1934},
  publisher = {IEEE}
}

% === SVILUPPI NEGLI ANNI '50-'60 ===

@article{clark1957,
  author = {H. A. M. Clark and G. F. Dutton and P. B. Vanderlyn},
  title = {The Stereosonic Recording and Reproducing System: A Two-Channel System for Domestic Tape Records},
  journal = {Journal of the Audio Engineering Society},
  volume = {5},
  number = {4},
  pages = {246--265},
  year = {1957}
}

@article{klapholz1958,
  author = {Jesse Klapholz},
  title = {Compatibility Problems in Stereophonic Broadcasting},
  journal = {Journal of the Audio Engineering Society},
  volume = {6},
  number = {4},
  pages = {222--230},
  year = {1958}
}

@article{cooper1960,
  author = {Duane H. Cooper and Takeshi Shiga},
  title = {Discrete-Matrix Multichannel Stereo},
  journal = {Journal of the Audio Engineering Society},
  volume = {20},
  number = {5},
  pages = {346--360},
  year = {1972}
}

% === MICHAEL GERZON E AMBISONIC ===

@article{gerzon1973,
  author = {Michael A. Gerzon},
  title = {Periphony: With-Height Sound Reproduction},
  journal = {Journal of the Audio Engineering Society},
  volume = {21},
  number = {1},
  pages = {2--10},
  year = {1973}
}

@article{gerzon1975,
  author = {Michael A. Gerzon},
  title = {The Design of Precisely Coincident Microphone Arrays for Stereo and Surround Sound},
  journal = {Preprint},
  number = {L-20},
  year = {1975},
  organization = {50th Convention of the Audio Engineering Society}
}

@article{gerzon1977,
  author = {Michael A. Gerzon},
  title = {Ambisonics in Multichannel Broadcasting and Video},
  journal = {Journal of the Audio Engineering Society},
  volume = {33},
  number = {11},
  pages = {859--871},
  year = {1985}
}

@article{gerzon1992,
  author = {Michael A. Gerzon},
  title = {General Metatheory of Auditory Localisation},
  journal = {Preprint},
  number = {3306},
  year = {1992},
  organization = {92nd Convention of the Audio Engineering Society}
}

% === TEORIA DELLA LOCALIZZAZIONE ===

@article{blauert1969,
  author = {Jens Blauert},
  title = {Sound Localization in the Median Plane},
  journal = {Acustica},
  volume = {22},
  pages = {205--213},
  year = {1969}
}

@article{mills1958,
  author = {A. Wilfred Mills},
  title = {On the Minimum Audible Angle},
  journal = {Journal of the Acoustical Society of America},
  volume = {30},
  number = {4},
  pages = {237--246},
  year = {1958}
}

@article{rayleigh1907,
  author = {Lord Rayleigh},
  title = {On Our Perception of Sound Direction},
  journal = {Philosophical Magazine},
  volume = {13},
  pages = {214--232},
  year = {1907}
}

% === MICROFONATURA STEREOFONICA ===

@article{lipshitz1986,
  author = {Stanley P. Lipshitz},
  title = {Stereo Microphone Techniques... Are the Purists Wrong?},
  journal = {Journal of the Audio Engineering Society},
  volume = {34},
  number = {9},
  pages = {716--744},
  year = {1986}
}

@article{williams1987,
  author = {Michael Williams and Alban Le Maitre},
  title = {Microphone Array Analysis for Multichannel Sound Recording},
  journal = {Journal of the Audio Engineering Society},
  volume = {54},
  number = {4},
  pages = {283--294},
  year = {2006}
}

@article{joseph2007,
  author = {A. Joseph and S. Davies},
  title = {Matrix Decoding of Ambisonics to 5.1 Surround Sound},
  journal = {Preprint},
  number = {7099},
  year = {2007},
  organization = {122nd Convention of the Audio Engineering Society}
}

% === ELABORAZIONE DIGITALE ===

@article{schroeder1961,
  author = {Manfred R. Schroeder},
  title = {Improved Quasi-Stereophony and Colorless Artificial Reverberation},
  journal = {Journal of the Acoustical Society of America},
  volume = {33},
  number = {8},
  pages = {1061--1064},
  year = {1961}
}

@article{bauer1961,
  author = {Benjamin B. Bauer},
  title = {Stereophonic Earphones and Binaural Loudspeakers},
  journal = {Journal of the Audio Engineering Society},
  volume = {9},
  number = {2},
  pages = {148--151},
  year = {1961}
}

% === PSICOACUSTICA STEREOFONICA ===

@article{blauert1983,
  author = {Jens Blauert},
  title = {Spatial Hearing: The Psychophysics of Human Sound Localization},
  journal = {Journal of the Acoustical Society of America},
  volume = {74},
  number = {5},
  pages = {1598--1598},
  year = {1983},
  note = {Recensione del libro fondamentale}
}

@article{moore1995,
  author = {Brian C. J. Moore and Brian R. Glasberg},
  title = {A Model of Loudness Applicable to Time-Varying Sounds},
  journal = {Journal of the Audio Engineering Society},
  volume = {50},
  number = {5},
  pages = {331--342},
  year = {2002}
}

% === STANDARD E COMPATIBILITÀ ===

@article{bosi1997,
  author = {Marina Bosi and Karel Brandenburg and Scott Quackenbush and Louis Fielder and Karlheinz Akagiri and Hendrik Fuchs and Andreas Dietz and Jurgen Herre and Gerald Davidson and Yoshiaki Oikawa},
  title = {ISO/IEC MPEG-2 Advanced Audio Coding},
  journal = {Journal of the Audio Engineering Society},
  volume = {45},
  number = {10},
  pages = {789--814},
  year = {1997}
}

@misc{itu2012,
  author = {{ITU-R}},
  title = {Multichannel stereophonic sound system with and without accompanying picture},
  howpublished = {Recommendation ITU-R BS.775-3},
  year = {2012}
}

% === SVILUPPI CONTEMPORANEI ===

@article{pulkki1997,
  author = {Ville Pulkki},
  title = {Virtual Sound Source Positioning Using Vector Base Amplitude Panning},
  journal = {Journal of the Audio Engineering Society},
  volume = {45},
  number = {6},
  pages = {456--466},
  year = {1997}
}

@article{daniel2003,
  author = {Jerome Daniel and Rozenn Nicol and Sebastien Moreau},
  title = {Further Investigations of High-Order Ambisonics and Wavefield Synthesis for Holophonic Sound Imaging},
  journal = {Preprint},
  number = {5788},
  year = {2003},
  organization = {114th Convention of the Audio Engineering Society}
}

@article{berkhout1993,
  author = {A. J. Berkhout and D. de Vries and P. Vogel},
  title = {Acoustic Control by Wave Field Synthesis},
  journal = {Journal of the Acoustical Society of America},
  volume = {93},
  number = {5},
  pages = {2764--2778},
  year = {1993}
}

% === BINAURAL E HRTF ===

@article{wightman1989,
  author = {Frederic L. Wightman and Doris J. Kistler},
  title = {Headphone Simulation of Free-field Listening. I: Stimulus Synthesis},
  journal = {Journal of the Acoustical Society of America},
  volume = {85},
  number = {2},
  pages = {858--867},
  year = {1989}
}

@article{algazi2001,
  author = {V. Ralph Algazi and Richard O. Duda and Dennis M. Thompson and Carlos Avendano},
  title = {The CIPIC HRTF Database},
  journal = {Preprint},
  number = {5360},
  year = {2001},
  organization = {2001 IEEE Workshop on Applications of Signal Processing to Audio and Acoustics}
}

% === AUDIO BINAURALE E 3D ===

@article{begault1994,
  author = {Durand R. Begault},
  title = {3-D Sound for Virtual Reality and Multimedia},
  journal = {Journal of the Audio Engineering Society},
  volume = {42},
  number = {5},
  pages = {396--401},
  year = {1994}
}

@article{cheng2001,
  author = {Chris I. Cheng and Gregory H. Wakefield},
  title = {Introduction to Head-Related Transfer Functions (HRTFs): Representations of HRTFs in Time, Frequency, and Space},
  journal = {Journal of the Audio Engineering Society},
  volume = {49},
  number = {4},
  pages = {231--249},
  year = {2001}
}

% === AUDIO IMMERSIVO MODERNO ===

@article{frank2013,
  author = {Matthias Frank and Franz Zotter},
  title = {Localization Experiments Using Different 2D Ambisonics Decoders},
  journal = {Preprint},
  number = {8886},
  year = {2013},
  organization = {134th Convention of the Audio Engineering Society}
}

@article{zotter2019,
  author = {Franz Zotter and Matthias Frank},
  title = {Ambisonics: A Practical 3D Audio Theory for Recording, Studio Production, Sound Reinforcement, and Virtual Reality},
  journal = {Springer Topics in Signal Processing},
  volume = {19},
  year = {2019},
  publisher = {Springer}
}